@ARTICLE{NBregression,
   author = {{Zhou}, M. and {Li}, L. and {Dunson}, D. and {Carin}, L.},
    title = "{Lognormal and Gamma Mixed Negative Binomial Regression}",
  journal = {ArXiv e-prints},
archivePrefix = "arXiv",
   eprint = {1206.6456},
 primaryClass = "stat.AP",
 keywords = {Statistics - Applications, Computer Science - Learning, Statistics - Methodology},
     year = 2012,
    month = jun,
   adsurl = {http://adsabs.harvard.edu/abs/2012arXiv1206.6456Z},
  adsnote = {Provided by the SAO/NASA Astrophysics Data System}
}



@ARTICLE{PG,
   author = {{Polson}, N.~G. and {Scott}, J.~G. and {Windle}, J.},
    title = "{Bayesian inference for logistic models using Polya-Gamma latent variables}",
  journal = {ArXiv e-prints},
archivePrefix = "arXiv",
   eprint = {1205.0310},
 primaryClass = "stat.ME",
 keywords = {Statistics - Methodology, Statistics - Computation, Statistics - Machine Learning},
     year = 2012,
    month = may,
   adsurl = {http://adsabs.harvard.edu/abs/2012arXiv1205.0310P},
  adsnote = {Provided by the SAO/NASA Astrophysics Data System}
}